<?xml version="1.0" encoding="UTF-8"?><collection xmlns="http://www.loc.gov/MARC21/slim"><record><leader>00539nam--2200181-i-4500</leader><controlfield tag="001">000033508</controlfield><controlfield tag="002">20161230</controlfield><controlfield tag="005">20161230201039</controlfield><controlfield tag="008">060222s1000------------r-----000-0-eng-d</controlfield><datafield ind1=" " ind2=" " tag="040"><subfield code="a">IFIN-HH</subfield></datafield><datafield ind1=" " ind2=" " tag="080"><subfield code="a">539.184.2</subfield></datafield><datafield ind1="1" ind2=" " tag="100"><subfield code="a">Moore, Charlotte E</subfield></datafield><datafield ind1="1" ind2="0" tag="245"><subfield code="a">Atomic energy levels. as derived from the analyses of optical spectra</subfield><subfield code="b">Vol. i 1h-23v</subfield><subfield code="c">Cherlotte e. moore</subfield></datafield><datafield ind1=" " ind2=" " tag="260"><subfield code="a">Washington, D.C</subfield><subfield code="b">U.S.Gov.Print.Off</subfield><subfield code="c">1949</subfield></datafield><datafield ind1=" " ind2=" " tag="300"><subfield code="a">XLIII+309P</subfield></datafield><datafield ind1=" " ind2=" " tag="490"><subfield code="a">N.B.S.Circular 467</subfield></datafield><datafield ind1=" " ind2=" " tag="852"><subfield code="a">11102</subfield><subfield code="c">H.H</subfield></datafield><datafield ind1=" " ind2=" " tag="CAT"><subfield code="a">Sys</subfield><subfield code="c">20130327</subfield><subfield code="h">151401</subfield></datafield></record></collection>